<?xml version="1.0" encoding="UTF-8"?><collection><record><leader>06445ntm a2200589 a 4500</leader><controlfield tag="001">006837298</controlfield><controlfield tag="003">MiAaHDL</controlfield><controlfield tag="005">20190719000000.0</controlfield><controlfield tag="006">m        d        </controlfield><controlfield tag="007">cr bn ---auaua</controlfield><controlfield tag="008">090709s1691    xx            00| ||per d</controlfield><datafield tag="035" ind1=" " ind2=" "><subfield code="a">(MiU)006837298</subfield></datafield><datafield tag="035" ind1=" " ind2=" "><subfield code="a">sdr-miu006837298</subfield></datafield><datafield tag="040" ind1=" " ind2=" "><subfield code="a">MiU</subfield><subfield code="c">MiU</subfield><subfield code="e">amremm</subfield></datafield><datafield tag="043" ind1=" " ind2=" "><subfield code="a">n-us-mi</subfield></datafield><datafield tag="100" ind1="0" ind2=" "><subfield code="6">880-01</subfield><subfield code="a">ʻAfīf Nūr Kāshānī.</subfield></datafield><datafield tag="245" ind1="1" ind2="0"><subfield code="6">880-03</subfield><subfield code="a">Maṭāliʻ al-anvār fī maʻrifat al-as̲ār,</subfield><subfield code="f">[1102, i.e. 1691].</subfield></datafield><datafield tag="246" ind1="3" ind2=" "><subfield code="a">مطلع الانوار فى ترجمة الآثار</subfield></datafield><datafield tag="246" ind1="3" ind2=" "><subfield code="i">Title in al-Dharīʻah (Āghā Buzurg al-Ṭihrānī):</subfield><subfield code="a">مطلع الانوار</subfield></datafield><datafield tag="246" ind1="3" ind2=" "><subfield code="i">Title from colophon on p.283:</subfield><subfield code="a">مطالع الانوار</subfield></datafield><datafield tag="246" ind1="3" ind2=" "><subfield code="a">Maṭāliʻ al-anwār fī maʻrifat al-athār</subfield></datafield><datafield tag="246" ind1="3" ind2=" "><subfield code="a">مطالع الانوار في معرفت الاثار</subfield></datafield><datafield tag="260" ind1=" " ind2=" "><subfield code="c">[1691]</subfield></datafield><datafield tag="300" ind1=" " ind2=" "><subfield code="a">142 leaves :</subfield><subfield code="b">paper ;</subfield><subfield code="c">222 x 130 (160 x 90) mm. bound to 227 x 133 mm.</subfield></datafield><datafield tag="500" ind1=" " ind2=" "><subfield code="a">Shelfmark: Ann Arbor, University of Michigan, Special Collections Library, Isl. Ms. 878</subfield></datafield><datafield tag="500" ind1=" " ind2=" "><subfield code="a">Origin: As appears in colophon on p.283, transcription completed in 1 Jumādá I 1102 [ca. 31 January 1691] possibly for Makhdūm Shaykh Burāq Ṣadīqī (مخدوم شيخ براق صديقى)</subfield></datafield><datafield tag="500" ind1=" " ind2=" "><subfield code="a">Accompanying materials: a. Slip of paper with description in hand of G. Meredith-Owens "MO 19 Maṭāliʻ al-anwār by ʻAfīf ibn Nūr Kashānī. Copied in 1102. life of the Prophet." -- b. Slip of paper with note "Persian MSS (Heyworth-Dunne?) with Meredith-Owens notes" -- c. Slip of paper with note "Counted for 1968/69 Annual Report" -- d. Scrap with two lines of printed text "... is the best perfumed antiseptic and is unrivall[ed] ... air, and also as a preventer against contagious ..." (between p.258-259).</subfield></datafield><datafield tag="500" ind1=" " ind2=" "><subfield code="a">Former shelfmark: Mich. Isl. Ms. temp. no. 27</subfield></datafield><datafield tag="500" ind1=" " ind2=" "><subfield code="a">Binding: Heavy pasteboards faced in comb marbled paper (mainly in red, white and blue-green) and edged in brown leather (marbled paper faced, leather edged, framed binding) ; Type III binding (without flap) ; pastedowns and flyleaves in untinted paper ; now sewn in white thread over three raised bands (other raised bands at spine appear to be false) ; worked chevron endbands in pink and light brown, fairly good condition ; overall in somewhat poor condition with lifting and losses of leather, lower cover fully detached, upper joint splitting, staining, abrasion, etc. ; housed in box for protection.</subfield></datafield><datafield tag="500" ind1=" " ind2=" "><subfield code="a">Support: non-European (likely Indian) laid paper with 8 laid lines per cm. (vertical, somewhat indistinct, curving), chain lines irregularly visible, cloudy formation, some inclusions visible, thin though sturdy, burnished, dark cream to beige in color ; staining and tide lines, minor pest damage, some repairs (guards, fills).</subfield></datafield><datafield tag="500" ind1=" " ind2=" "><subfield code="a">Decoration: Exaggerated elongation of strokes used to set off some section markers (i.e. keywords such as فصل) ; two-teeth stroke overlining some keywords.</subfield></datafield><datafield tag="500" ind1=" " ind2=" "><subfield code="a">Script: Nastaʻlīq ; elegant, spacious, fairly large Indian hand in a medium line ; characteristically serifless with gentle effect of words descending to baseline, elongation of horizontal strokes, pointing (two and three dots) in strokes, alif maqṣūrah often pointed as yāʼ, point of final nūn often assimilated with or set down in tall bowl ; Arabic excerpts (chiefly from the Qurʼān, etc. and fully vocalized) in naskh.</subfield></datafield><datafield tag="500" ind1=" " ind2=" "><subfield code="a">Layout: Written in 15 lines per page ; frame-ruled.</subfield></datafield><datafield tag="500" ind1=" " ind2=" "><subfield code="a">Collation: ii, 17 IV (136), IV-2 (142), ii ; exclusively quaternions ; catchwords present ; middle of the quire marks in the form of black oblique strokes in the upper outer corner of the right-hand leaf and lower outer corner of the left-hand leaf ; foliation in black ink, Hindu-Arabic numerals ; pagination in pencil, Western numerals, supplied during cataloguing.</subfield></datafield><datafield tag="500" ind1=" " ind2=" "><subfield code="a">Colophon: "Scribal," rectangular, reads "تمام شد نسخه مطالع الانوار بعون الله تعالی وتوفیقه حق مالک بخط ... قطب الاقطاب قدوة العارفین عمده السالکین مخدوم شیخ براق صدیقی شهر جمادی الاول بتاریخ غره سنه ١١٠٢ یکهزار یکصد ودو هجری بروز دوشنبه وقت جاشت تحریر یافت ..."</subfield></datafield><datafield tag="500" ind1=" " ind2=" "><subfield code="a">Explicit: "و اقارب بالقبول سالمین دعایی المنقطع من باب امالی و رضای و اختم السموات و بغیاتی فانک ارحم الراحمین وصلی الله علی خیر خلقه محمد وآله اجمعین وسلم تسلیما وتعظیما كثیر كثیرا برحمتک یا ارحم الراحمین"</subfield></datafield><datafield tag="500" ind1=" " ind2=" "><subfield code="a">Incipit: "الحمد لله رب العالمین والصلوة علی سید المرسلین وخاتم النبیین محمد واله اجمعین اضعف ترین بندگان حضرت ربانی عفیف نور کاشانی بلغه الله تعالی الی نیل الامانی چنین گوید این بنده داعی ...</subfield></datafield><datafield tag="500" ind1=" " ind2=" "><subfield code="a">Title from opening matter on p.4.</subfield></datafield><datafield tag="500" ind1=" " ind2=" "><subfield code="a">Ms. codex.</subfield></datafield><datafield tag="510" ind1="4" ind2=" "><subfield code="a">Āghā Buzurg al-Ṭihrānī. al-Dharīʻah ilá taṣānīf al-Shīʻah,</subfield><subfield code="c">no.4377, vol.21, p.151</subfield></datafield><datafield tag="520" ind1="8" ind2=" "><subfield code="a">Careful copy of the work on the life of the Prophet in twenty-one chapters by ʻAfīf Nūr Kāshānī (al-Kīlānī). Contributions to the cataloguing from Elizabeth Kunze.</subfield></datafield><datafield tag="538" ind1=" " ind2=" "><subfield code="a">Mode of access: Internet.</subfield></datafield><datafield tag="541" ind1=" " ind2=" "><subfield code="c">Gift ;</subfield><subfield code="a">Acquired from Frank E. Nuttall (1875-1943).</subfield></datafield><datafield tag="546" ind1=" " ind2=" "><subfield code="a">Persian.</subfield></datafield><datafield tag="561" ind1=" " ind2=" "><subfield code="a">Inscription in pencil on upper pastedown "7 / History of the Prophet's Passion | No. 4" and on front flyleaf "History of the Prophet" ; further inventory marks on lower pastedown ; glosses and marginal corrections in hand of copyist.</subfield></datafield><datafield tag="600" ind1="0" ind2="0"><subfield code="a">Muḥammad,</subfield><subfield code="c">Prophet,</subfield><subfield code="d">-632</subfield><subfield code="v">Biography</subfield><subfield code="v">Early works to 1800.</subfield></datafield><datafield tag="650" ind1=" " ind2="0"><subfield code="a">Manuscripts, Persian</subfield><subfield code="z">Michigan</subfield><subfield code="z">Ann Arbor.</subfield></datafield><datafield tag="700" ind1="0" ind2=" "><subfield code="6">880-07</subfield><subfield code="a">Makhdūm Shaykh Burāq Ṣadīqī,</subfield><subfield code="d">fl. 1691,</subfield><subfield code="e">former owner.</subfield></datafield><datafield tag="773" ind1="0" ind2=" "><subfield code="a">F. E. Nuttall Collection.</subfield></datafield><datafield tag="880" ind1="0" ind2=" "><subfield code="6">700-07/</subfield><subfield code="a">مخدوم شيخ براق صديقى،</subfield><subfield code="e">مالك سابق.</subfield></datafield><datafield tag="880" ind1="1" ind2="0"><subfield code="6">245-03/</subfield><subfield code="a">مطالع الانوار فی معرفت الاثار،</subfield><subfield code="f">[1102ه، 1691م].</subfield></datafield><datafield tag="880" ind1="0" ind2=" "><subfield code="6">100-01/</subfield><subfield code="a">عفيف نور كاشانى.</subfield></datafield><datafield tag="CID" ind1=" " ind2=" "><subfield code="a">006837298</subfield></datafield><datafield tag="DAT" ind1="0" ind2=" "><subfield code="a">20190719102641.0</subfield><subfield code="b">20190719000000.0</subfield></datafield><datafield tag="DAT" ind1="1" ind2=" "><subfield code="a">20190719090653.0</subfield><subfield code="b">2019-07-19T16:12:29Z</subfield></datafield><datafield tag="DAT" ind1="2" ind2=" "><subfield code="a">2015-10-10T18:00:06Z</subfield></datafield><datafield tag="CAT" ind1=" " ind2=" "><subfield code="a">SDR-MIU</subfield><subfield code="d">EX LIBRIS - ALEPH</subfield><subfield code="l">prepare.pl-004-008</subfield></datafield><datafield tag="FMT" ind1=" " ind2=" "><subfield code="a">BK</subfield></datafield><datafield tag="HOL" ind1=" " ind2=" "><subfield code="0">sdr-miu006837298</subfield><subfield code="a">MiU</subfield><subfield code="b">SDR</subfield><subfield code="c">MIU</subfield><subfield code="p">mdp.39015079132554</subfield><subfield code="s">MIU</subfield><subfield code="1">006837298</subfield></datafield><datafield tag="974" ind1=" " ind2=" "><subfield code="b">MIU</subfield><subfield code="c">MIU</subfield><subfield code="d">20190719</subfield><subfield code="s">lit-dlps-dc</subfield><subfield code="u">mdp.39015079132554</subfield><subfield code="y">1691</subfield><subfield code="r">pd</subfield><subfield code="q">bib</subfield><subfield code="t">non-US bib date1 &lt; 1896</subfield></datafield></record></collection>